
@book {gunnar,
    author  = "Wolf, G.",
    title   = "Fundamentos de sistemas operativos",
    journal = "Lulu.com",
    year    = "2015",
    pages   = "320",
}
@misc{hub,
author={Bergen Adair},
  title = {The Difference Between Business Intelligence vs Business Analytics } ,
 howpublished = "url{https://selecthub.com/business-intelligence/business-intelligence-vs-business-analytics/}",   
}
@misc{e,
author={EDUCBA},
  title = {Business Intelligence vs Business Analytics – Which One Is Better} ,
 howpublished = "url{https://www.educba.com/business-intelligence-vs-business-analytics/}",   
}
@misc{mic,
author={microsoft},
  title = {¿Que son herramientas de análisis de negocios?} ,
 howpublished = "url{https://azure.microsoft.com/es-es/overview/what-are-business-analytics-tools/}",   
}
@misc{mic,
author={microsoft},
  title = {¿Que son herramientas de inteligencia empresarial BI?} ,
 howpublished = "url{https://azure.microsoft.com/es-es/overview/what-are-business-intelligence-tools/}",   
}
@misc{Sog,
author={institute of Sogeti},
  title = {¿Qué es Business Intelligence (BI) y qué herramientas existen?} ,
 howpublished = "url{https://blog.signaturit.com/es/que-es-business-intelligence-bi-y-que-herramientas-existen/}",   
}
